@misc{EurostatElectricityConsumption,
  author = {{Eurostat}},
  title = {{Monthly electricity consumption - new series [nrg\_cb\_e]}},
  url ={{https://ec.europa.eu/eurostat/databrowser/view/NRG_CB_E/default/table}}
}

@misc{EDF2012,
 author = {{Wikipedia}},
  title        = {{Électricité de France}},
  url = {{https://pt.wikipedia.org/wiki/%C3%89lectricit%C3%A9_de_France}},
}